<?xml version="1.0" encoding="UTF-8"?><record xmlns="http://www.loc.gov/MARC21/slim" xmlns:cinclude="http://apache.org/cocoon/include/1.0" xmlns:zs="http://www.loc.gov/zing/srw/">
  <leader>00504nz  a2200133n  4500</leader>
  <controlfield tag="001">no2010089231</controlfield>
  <controlfield tag="003">DLC</controlfield>
  <controlfield tag="005">20100602075041.0</controlfield>
  <controlfield tag="008">100531n| acannaabn          |n aaa     c</controlfield>
  <datafield tag="010" ind1=" " ind2=" ">
    <subfield code="a">no2010089231</subfield>
  </datafield>
  <datafield tag="035" ind1=" " ind2=" ">
    <subfield code="a">(OCoLC)oca08512048</subfield>
  </datafield>
  <datafield tag="040" ind1=" " ind2=" ">
    <subfield code="a">SaPrUSA</subfield>
    <subfield code="b">eng</subfield>
    <subfield code="c">SaPrUSA</subfield>
  </datafield>
  <datafield tag="100" ind1="1" ind2=" ">
    <subfield code="a">Banchero, Lawrence Joseph,</subfield>
    <subfield code="d">1939-</subfield>
  </datafield>
  <datafield tag="670" ind1=" " ind2=" ">
    <subfield code="a">An analysis of english active-passive sentences, 1971:</subfield>
    <subfield code="b">t.p. (Lawrence Joseph Banchero, Ph.D., Univ. of Wisconsin) p. 165 (b.  March 21, 1939) UMI t.p. (Banchero, Lawrence Joseph, 1938-)</subfield>
  </datafield>
</record>